@book{langsci-current-book, author = {Sebastian Nordhoff}, title = {{The \texttt {langscibook} {\LaTeX } class}}, year = {2024}, series = {Language Science Press Guidelines}, number = {\unhbox \voidb@x \protect \penalty \@M \ }, location = {Berlin}, publisher = {Language Science Press}, options = {dataonly=true} } 
