@incollection{samplepaper,author={Chap ter Author and Noam Chimpsky and Jane Wilson },title={{Introduction}},booktitle={{Sample edited volume{: Including sample chapter}}},editor={Jane Doe},publisher={Language Science Press.},Address={Berlin},year={2024},pages={1--2},doi={??},keywords={LSPWithinVolume}}
@incollection{samplepaperfooter,author={Chap ter Author and Noam Chimpsky and Jane Wilson },title={{Introduction}},booktitle={{Sample edited volume{: Including sample chapter}}},editor={Jane Doe},publisher={Language Science Press.},Address={Berlin},year={2024},pages={1--2},doi={??},options={dataonly=true}}
