@book{langsci-current-book, author = {Pat Jaeung}, title = {{Sample monograph}}, year = {2024}, series = {Conceptual Foundations of Language Science}, number = {123}, location = {Berlin}, publisher = {Language Science Press}, options = {dataonly=true} } 
